@online {
	apache-usage-statistics,
	title = {Usage statistics and market share of Apache for websites},
	year = {2016},
	url = {https://w3techs.com/technologies/details/ws-apache/all/all},
	urldate = {2016-11-12}
}

@online {
	nginx-usage-statistics,
	title = {Usage statistics and market share of Nginx for websites},
	year = {2016},
	url = {https://w3techs.com/technologies/details/ws-nginx/all/all},
	urldate = {2016-11-12}
}

@online {
	c10k-problem,
	author = {Dan Kegel},
	date = {2014-02-05},
	title = {The C10K problem},
	url = {http://www.kegel.com/c10k.html},
	urldate = {2016-11-12}
}

@online {
	apache-vs-nginx-practical-considerations,
	author = {Justin Ellingwood},
	date = {2015-1-28},
	year = {2015},
	title = {Apache vs Nginx: Practical Considerations},
	url = {https://www.digitalocean.com/community/tutorials/apache-vs-nginx-practical-considerations},
	urldate = {2016-11-12}
}


@online {
	nginx-vs-apache-our-view,
	author = {Owen Garrett},
	date = {2015-10-9},
	year = {2015},
	title = {NGINX vs. Apache: Our View of a Decade-Old Question},
	url = {https://www.nginx.com/blog/nginx-vs-apache-our-view/},
	urldate = {2016-11-12}
}

@online { 
	lighttpd,
	title = {Lighttpd},
	url = {https://www.lighttpd.net/},
	urldate = {2016-11-12}
}

@online { 
	powered-by-lighttpd,
	title = {Powered by Lighttpd},
	url = {http://redmine.lighttpd.net/projects/1/wiki/poweredbylighttpd},
	urldate = {2016-11-12}
}

@online {
	node,
	title = {Node.js},
	url = {https://nodejs.org/en/},
	urldate = {2016-11-12}
}

@online {
	event-driven-architecture-node-js,
	author = {Gary Woodfine},
	title = {event driven architecture node.js},
	url = {http://garywoodfine.com/event-driven-architecture-node-js/},
	urldate = {2016-11-12}
}

@online {
	history-of-php,
	title = {History of PHP},
	url = {http://php.net/manual/en/history.php.php},
	urldate = {2016-11-12}
}

@online {
	usage-of-server-side-programming-languages-for-websites,
	title = {Usage of server-side programming languages for websites},
	url = "https://w3techs.com/technologies/overview/programming_language/all",
	urldate = {2016-11-12}
}

@online {
	comparing-node-vs-php-performance,	
	author = {Roberto Sanchez},
	title = {Comparing Node.js vs PHP Performance},
	url = {http://www.hostingadvice.com/blog/comparing-node-js-vs-php-performance/},
	urldate = {2016-11-12}
}

@online {
	json,
	title = {Introducing JSON},
	url = {http://www.json.org/},
	urldate = {2016-11-12}
}

@online {
	benefits-of-using-a-database,
	author = {Scott Knickelbine},
	title = {Benefits of Using a Database},
	url = {http://work.chron.com/benefits-using-database-3792.html},
	urldate = {2016-11-12}
}

@online {
	ruby,
	title = {Ruby},
	url = {https://www.ruby-lang.org/en/},
	urldate = {2016-11-12}
}

@online {
	getting-started-with-rails,
	title = {Getting Started with Rails},
	url = {http://guides.rubyonrails.org/getting_started.html},
	urldate = {2016-11-12}
}

@online {	
	ruby-on-rails-vs-php-the-good-the-bad,
	date = {2016-5-30},
	year = {2016},
	author = {Leonard Teo},
	title = {Ruby on Rails vs PHP - The good, the bad},
	url = {http://www.leonardteo.com/2012/07/ruby-on-rails-vs-php-the-good-the-bad/},
	urldate = {2016-11-12}
}

@online {
	internet-ex,
	title = {WebGL - 3D Canvas graphics},
	url = {http://caniuse.com/#feat=webgl},
	urldate = {2016-11-14}
}

@online {
	why-use-webgl-for-graphics-research,
	author = {Patrick Cozzi},
	date = {2016-4-16},
	year = {2016},
	title = {Why use WebGL for Graphics Research?},
	url = {http://www.realtimerendering.com/blog/why-use-webgl-for-graphics-research/},
	urldate = {2016-11-13}
}

@online {
	why-you-should-use-webgl,
	title = {Why You Should Use WebGL},
	url = {http://codeflow.org/entries/2013/feb/02/why-you-should-use-webgl/},
	urldate = {2016-11-13}
}

@online {
	webgl-best-practices,
	title = {WebGL best practices},
	url = {https://developer.mozilla.org/en-US/docs/Web/API/WebGL_API/WebGL_best_practices},
	urldate = {2016-11-13}
}

@online {
	2ds-company-3ds-a-crowd,
	title = {2D's Company, 3D's a Crowd},
	url = {http://www.scribblelive.com/blog/2011/12/13/2ds-company-3ds-a-crowd/},
	urldate = {2016-11-13}
}

@online {
	evaluating-the-effectiveness-of-2d-vs-3d-trailhead-maps,
	title = {Evaluating the Effectiveness of 2D vs. 3D Trailhead Maps},
	url = {http://www.mountaincartography.org/publications/papers/papers_lenk_08/schobesberger.pdf},
	urldate = {2016-11-13}
}

@online {
	2d-is-better-than-3d,
	title = {2D is Better Than 3D},
	url = {https://www.nngroup.com/articles/2d-is-better-than-3d/},
	urldate = {2016-11-13}
}

@online {
	2d-and-3d-presentation-of-spatial-data,
	title = {2D and 3D Presentation of Spatial Data: A Systematic Review},
	url = {https://www.researchgate.net/profile/Matthias_Trapp/publication/268496521_2D_and_3D_Presentation_of_Spatial_Data_A_Systematic_Review/links/546c88d50cf2c4819f217143.pdf},
	urldate = {2016-11-13}
}

@online {
	3d-represenation-for-software-visualization,
	title = {3D Represenation for Software Visualization},
	url = {http://www.cs.kent.edu/~jmaletic/papers/softvis03.pdf},
	urldate = {2016-11-13}
}

@online {
	unity,
	author = {Lian, Alex},
	title = {Enhanced Visuals, Better Performance, and More: The Unity 5.4 Public Beta is Ready For You to Download},
	url = {https://blogs.unity3d.com/2016/03/15/enhanced-visuals-better-performance-and-more-the-unity-5-4-public-beta-is-ready/},
	urldate = {2016-11-14}
}

@online {
	data-display,
	author = {Korsara, Robert},
	title = {Data Display vs Data Visualization},
	url = {https://eagereyes.org/criticism/data-display-vs-data-visualization},
	urldate = {2016-11-14}
}

@online {
	real-time-rocket-telementry-experiment,
	title = {Real-time Rocket Telementry Experiment},
	url = {http://haisunaata.avaruuteen.fi/realtime/2011/},
	urldate = {2016-11-13}
}

@online {
	what-is-prototyping,
	title = {What is Prototyping},
	url = {http://www.umsl.edu/~sauterv/analysis/prototyping/proto.html},
	urldate = {2016-11-13}
}

@online {
	flight-simulation-in-aerospace,
	title = {The Impact of Flight Simulation in Aerospace},
	url = {http://www.aerosociety.com/Assets/Docs/Publications/DiscussionPapers/The_impact_of_flight_simulation_in_aerospace.pdf},
	urldate = {2016-11-13}
}

@online { 
	history-of-unix-part-i,
	author = {Hauben, Ronda},
	title = {History of Unix},
   	urldate = {2016-11-12},
	url = {http://minnie.tuhs.org//TUHS/Mirror/Hauben/unix-Part_I.html}
	
}

@book { 
	c-programmers-reference,
	author = {Schildt, Herbert},
	title = {C/C++ Programmer's Reference, Literature},
	publisher = {McGraw-Hill},
	year = {2000}
}

@online {
	the-python-standard-library,
	author = {The Python Software Foundation},
	title = {The Python Standard Library},
    urldate = {2016-11-1},
	url = {https://docs.python.org/3.6/library/}
	
}

@online { 
	10-javascript-web-ui-libraries-frameworks-and-toolkits,
	author = {Deering, Sam},
	title = {10 Javascript Web UI Libraries, Frameworks, and Toolkits},
    urldate = {2016-11-3},
	url = {https://www.sitepoint.com/10-javascript-web-ui-libraries-frameworks-toolkits},
	date = {2012-02-03},
	year = {2012}
	
}

@online { 
	pros-and-cons-of-four-prototyping-tools,
	author = {Jia, Grace},
	title = {Pros and Cons of Four Prototyping Tools},
    urldate = {2016-11-12},	
	url = {https://medium.com/@gracejia/pros-and-cons-of-four-prototyping-tools-dda37d3b21bf\#.w9xtvrzb2}
}

@online { 
	jquery-disadvantages-and-advantages,
	title = {JQuery: Advantages and Disadvantages},
    urldate = {2016-11-12},
	url = {http://www.jscripters.com/jquery-disadvantages-and-advantages}
}

@online { 
	dojo-toolkit-license,
	title = {Dojo Toolkit License},
	url = {https://dojotoolkit.org/license.html},
	urldate = {2016-11-14}
}

@online {
	apache,
	title = {Apache},
	url = {https://www.apache.org},
	urldate = {2016-11-23}
}

@online {
	npm,
	title = {Node Package Manager},
	url = {https://www.npmjs.com},
	urldate = {2016-11-28}
}

@online {
	nginx,
	title = {NGINX},
	url = {https://nginx.com},
	urldate = {2016-12-1}
}

@online {
	php,
	title = {PHP},
	url = {php.net},
	urldate = {2016-12-1}
}

@online {
	mongodb,
	title = {MongoDB},
	url = {https://mongodb.com},
	urldate = {2016-12-1}
}
	