@online{	geom,
		author={Ivan Voras},
		title={Writing a GEOM Class},
		year={2016},
		url={https://www.freebsd.org/doc/en/articles/geom-class/index.html},
		urldate={2016-4-30}}

@book{	win-int-one,
	author = {Mark Russinovich and David A. Solomon and Alex Ionescu},
	publisher = {Microsoft Press},
	address	= {Redmond, WA},
	title = {Windows Internals, Part 1},
	edition = {Sixth},
	year = 2012}

@online {	apache-usage-statistics,
			title={Usage statistics and market share of Apache for websites},
			year={2016},
			url={https://w3techs.com/technologies/details/ws-apache/all/all},
			urldate={2016-11-12}
}

@online {	nginx-usage-statistics,
			title={Usage statistics and market share of Nginx for websites},
			year={2016},
			url={https://w3techs.com/technologies/details/ws-nginx/all/all},
			urldate={2016-11-12}
}

@online {	c10k-problem,
			title={The C10K problem},
			year={2016},
			url={http://www.kegel.com/c10k.html},
			urldate={2016-11-12}
}

@online { 	apache-vs-nginx-practical-considerations,
			title = {Apache vs Nginx: Practical Considerations},
			url={https://www.digitalocean.com/community/tutorials/apache-vs-nginx-practical-considerations},
			urldate={2016-11-12}
}


@online { 	nginx-vs-apache-our-view,
			title = {NGINX vs. Apache: Our View of a Decade-Old Question},
			url={https://www.nginx.com/blog/nginx-vs-apache-our-view/},
			urldate={2016-11-12}
}

@online { 	lighttpd,
	title = {Lighttpd},
	url={https://www.lighttpd.net/},
	urldate={2016-11-12}
}



