@online { 
	history-of-unix-part-i,
	author = {Hauben, Ronda},
	title = {History of Unix},
   	urldate = {2016-11-12},
	url = {http://minnie.tuhs.org//TUHS/Mirror/Hauben/unix-Part_I.html}
	
}

@book { 
	c-programmers-reference,
	author = {Schildt, Herbert},
	title = {C/C++ Programmer's Reference, Literature},
	publisher = {McGraw-Hill},
	year = {2000}
}

@online {
	the-python-standard-library
	author = {The Python Software Foundation},
	title = {The Python Standard Library},
    urldate = {2016-11-1},
	url = {https://docs.python.org/3.6/library/}
	
}

@online { 
	10-javascript-web-ui-libraries-frameworks-and-toolkits,
	author = {Deering, Sam},
	title = {10 Javascript Web UI Libraries, Frameworks, and Toolkits},
    urldate = {2016-11-3},
	url = {https://www.sitepoint.com/10-javascript-web-ui-libraries-frameworks-toolkits}
	date = {2012-02-03},
	year = {2012}
	
}

 @online { 
	pros-and-cons-of-four-prototyping-tools,
	author = {Jia, Grace},
	title = {Pros and Cons of Four Prototyping Tools},
    urldate = {2016-11-12},	
	url = {https://medium.com/@gracejia/pros-and-cons-of-four-prototyping-tools-dda37d3b21bf\#.w9xtvrzb2}
}

@online { 
	jquery-disadvantages-and-advantages,
	title = {JQuery: Advantages and Disadvantages},
    urldate = {2016-11-12},
	url = {http://www.jscripters.com/jquery-disadvantages-and-advantages}
}

@online { 
	Dojo-Toolkit-License,
	title = {Dojo Toolkit License},
	url = {https://dojotoolkit.org/license.html},
	urldate = {2016-11-14}
}
